<?xml version="1.0" encoding="UTF-8"?><collection xmlns="http://www.loc.gov/MARC21/slim"><record><leader>00416nam--2200157-i-4500</leader><controlfield tag="001">000043853</controlfield><controlfield tag="002">20161230</controlfield><controlfield tag="005">20170122113013</controlfield><controlfield tag="008">060222s1000------------r-----000-0-eng-d</controlfield><datafield ind1=" " ind2=" " tag="080"><subfield code="a">622.67.83.004.67</subfield></datafield><datafield ind1=" " ind2=" " tag="100"><subfield code="a">Stulnicov, V. S</subfield></datafield><datafield ind1=" " ind2=" " tag="245"><subfield code="a">Mecanicul electrician dela masinile de extractie. Trad.din l.rusa</subfield></datafield><datafield ind1=" " ind2=" " tag="260"><subfield code="a">Bucuresti</subfield><subfield code="b">I.D.T</subfield><subfield code="c">1950</subfield></datafield><datafield ind1=" " ind2=" " tag="300"><subfield code="a">189 p</subfield></datafield><datafield ind1=" " ind2=" " tag="852"><subfield code="a">2327</subfield></datafield><datafield ind1=" " ind2=" " tag="CAT"><subfield code="a">SYS</subfield><subfield code="c">20170122</subfield><subfield code="h">113013</subfield></datafield></record></collection>